@book{smartcities,
  title={Smart Cities},
  author={Pieter Ballon},
  year={2016},
  publisher={Lannoo}
}

@misc{crimi,
	author={StatistiekVlaanderen},
	title={Geregistreerde criminaliteit},
	year = {laatste wijziging 27 augustus 2020},
	howpublished = {https://www.statistiekvlaanderen.be/nl/geregistreerde-criminaliteit-0}
}

@misc{lawaai,
	author={Amplifon},
	title={Geregistreerde criminaliteit},
	year = {laatste wijziging 4 maart 2020},
	howpublished = {amplifon.com/nl-be/nieuws-en-blog/te-veel-lawaai-op-straat}
}

@misc{milieu,
	author={milieudefensie},
	title={Dit zijn de oplossingen voor luchtvervuiling},
	howpublished = {https://milieudefensie.nl/recht-op-gezonde-lucht/dit-zijn-de-oplossingen-voor-luchtvervuiling}
}

@misc{procontracars,
	author={kentekencheck.nu},
	title={Wat zijn de voor- en nadelen van zelfrijdende auto’s?},
	year = {laatste wijziging 11 december 2019},
	howpublished = {https://www.kentekencheck.nu/wat-zijn-de-voor-en-nadelen-van-zelfrijdende-autos/:~:text=Zelfrijdende%20auto's%20kunnen%20files%20verminderen,automatisch%20houden%20aan%20de%20verkeersregels.}
}

@misc{bedrijven,
	author={Tom Van Gurp},
	title={Deze 30 bedrijven bestormen de markt voor zelfrijdende auto’s},
	year = {laatste wijziging 26 april 2016},
	howpublished = {https://www.zelfrijdendvervoer.nl/mobiliteit/2016/04/26/dertig-fabrikanten-in-race-voor-marktaandeel-zelfrijdende-autos/?gdpr=accept}
}

@misc{synoniemen,
	author={synoniemen.net},
	howpublished = {https://synoniemen.net/index.php?zoekterm=computerkraker}
}

@misc{proconsc,
	author={Primestone},
	title = {ADVANTAGES AND DISADVANTAGES OF SMART CITIES},
	year = {laatste wijziging 2 april 2020},
	howpublished = {https://primestone.com/en/advantages-and-disadvantages-of-smart-cities/}
}

@misc{sc,
	author={3bplus},
	title={Wat is een smart city (slimme stad): een introductie},
	year={laatste wijziging 17 juni 2016},
	howpublished = {https://3bplus.nl/wat-een-smart-city-slimme-stad-een-introductie/}
}

@article{opgave,
	author={Benjamin Maveau en Kevin Truyaert},
	title={Opgave teamopdracht Probleemoplossen en ontwerpen 2},
	year = {2020-2021}
}

@misc{woordenlijst,
	title = {Het groene boekje}
	howpublished = {https://woordenlijst.org/#/?q=order}
}


@misc{sc1,
	title={Smart Cities in Nederlandse Context},
	author={Schenk, M.F.},
	year={2015},
	howpublished={Schenk, M.F.}
}

@misc{taaladvies,
	title={taalunie},
	howpublished = {https://taaladvies.net/taal/advies/vraag/1030/zogezegd\_zogenaamd/}
}

@misc{scept,
	author={TU Delft},
	title={Autonome auto’s: de volgende grote technologische revolutie},
	howpublished = {https://www.tudelft.nl/ewi/actueel/nodes/autonome-autos-de-volgende-grote-technologische-revolutie}
}

@misc{vbn,
	author={Vlaamse Regering},
	title={Geconnecteerde en geautomatiseerde mobiliteit in Vlaanderen},
	howpublished = {https://www.ewi-vlaanderen.be/sites/default/files/conceptnota\_-\_geconnecteerde\_en\_geautomatiseerde\_mobiliteit\_in\_vlaanderen.pdf}
}

@misc{converter,
	author={Lulu's blog},
    howpublished = {https://lucidar.me/en/unit-converter/revolutions-per-minute-to-kilometers-per-hour/}
}

@misc{rasp,
	author = {Micha den Heijer},
	title = {Wat is een Raspberry Pi? Hoe werkt het?},
	year = {laatste wijziging 29 februari 2020},
	howpublished = {https://prgrmmr.nl/wat-is-een-raspberry-pi-hoe-werkt-het.html#:~:text=Ten%20eerste%20heeft%20de%20Raspberry,het%20ook%20vrijwel%20geen%20stroom.}
}

