

@misc{teamopdracht,
  author = {Maveau, Benjamin and Truyaert, Kevin},
  title = {Opgave teamopdracht Probleemoplossen en ontwerpen 2},
  year = {website laatst bezocht op 23 februari 2021 },
  note = {\url{https://p.cygnus.cc.kuleuven.be/bbcswebdav/pid-27580445-dt-content-rid-293983943_2/courses/B-KUL-X0B54a-2021/TO_Opgave_2021%281%29.pdf}}
} 